@book{fresnel,author="Stewart, James",title="Calculus Early Transcendentals",date="2008",pages="383"}
@book{babinet,author="M. Born & E.Wolf",title="Principles of Optics",date="1999"}
